@article{queudet2012quality,
  title={Quality of Service Scheduling in the Firm Real-Time Systems},
  author={Queudet-Marchand, Audrey and Chetto, Maryline},
  journal={Real-Time Systems, Architecture, Scheduling, and Application},
  pages={191},
  year={2012},
  publisher={BoD--Books on Demand}
}

@book{buttazzo2011hard,
  title={Hard real-time computing systems: predictable scheduling algorithms and applications},
  author={Buttazzo, Giorgio C},
  volume={24},
  year={2011},
  publisher={Springer Science \& Business Media}
}

@inproceedings{koren1995skip,
  title={Skip-over: Algorithms and complexity for overloaded systems that allow skips},
  author={Koren, Gilad and Shasha, Dennis},
  booktitle={Proceedings 16th IEEE Real-Time Systems Symposium},
  pages={110--117},
  year={1995},
  organization={IEEE}
}

@article{chetto1989some,
  title={Some results of the earliest deadline scheduling algorithm},
  author={Chetto, Houssine and Chetto, Maryline},
  journal={IEEE Transactions on software engineering},
  number={10},
  pages={1261--1269},
  year={1989},
  publisher={IEEE}
}

@article{ghor2011real,
  title={A real-time scheduling framework for embedded systems with environmental energy harvesting},
  author={Ghor, Hussein EL and Chetto, Maryline and Chehade, Rafic Hage},
  journal={Computers \& Electrical Engineering},
  volume={37},
  number={4},
  pages={498--510},
  year={2011},
  publisher={Elsevier}
}

@book{leung2004handbook,
  title={Handbook of scheduling: algorithms, models, and performance analysis},
  author={Leung, Joseph YT},
  year={2004},
  publisher={CRC press}
}

@book{lee2007handbook,
  title={Handbook of real-time and embedded systems},
  author={Lee, Insup and Leung, Joseph YT and Son, Sang H},
  year={2007},
  publisher={CRC Press}
}
